@book{MQC,
   author = "Szabo, Attila and Ostlund, Neil S.",
   title = "{Modern Quantum Chemistry: Introduction to Advanced Electronic Structure Theory}",
   year = "1989",
   publisher = "Dover Publications",
   address = "Mineola, New York"
}


@article{CerilloCao2014,
  title = {Non-Markovian Dynamical Maps: Numerical Processing of Open Quantum Trajectories},
  author = {Cerrillo, Javier and Cao, Jianshu},
  journal = {Phys. Rev. Lett.},
  volume = {112},
  issue = {11},
  pages = {110401},
  numpages = {5},
  year = {2014},
  month = {Mar},
  publisher = {American Physical Society},
  doi = {10.1103/PhysRevLett.112.110401},
  url = {http://link.aps.org/doi/10.1103/PhysRevLett.112.110401}
}






